<?xml version="1.0" encoding="utf-8"?>
<record xmlns="http://www.loc.gov/MARC21/slim" xmlns:xsi="http://www.w3.org/2001/XMLSchema-instance" xsi:schemaLocation="http://www.loc.gov/MARC21/slim http://www.loc.gov/standards/marcxml/schema/MARC21slim.xsd">
	<leader>     nam a22        4500</leader>
	<controlfield tag="001">b12498282</controlfield>
	<controlfield tag="003">LeBAU</controlfield>
	<controlfield tag="006">m        d        </controlfield>
	<controlfield tag="007">cr cn |||m|||a</controlfield>
	<controlfield tag="008">170830s1909    ua af   ob    ||1 0 ara d</controlfield>
	<datafield ind1=" " ind2=" " tag="040">
		<subfield code="a">NNU</subfield>
		<subfield code="b">ara</subfield>
		<subfield code="e">rda</subfield>
		<subfield code="c">NNU</subfield>
	</datafield>
	<datafield ind1=" " ind2="4" tag="050">
		<subfield code="a">DT45</subfield>
		<subfield code="b">.H4 1909</subfield>
	</datafield>
	<datafield ind1="0" ind2="4" tag="082">
		<subfield code="a">708.962</subfield>
		<subfield code="2">20</subfield>
	</datafield>
	<datafield ind1="1" ind2=" " tag="100">
		<subfield code="6">880-01</subfield>
		<subfield code="a">Herz, Max,</subfield>
		<subfield code="d">1856-1919,</subfield>
		<subfield code="e">author.</subfield>
	</datafield>
	<datafield ind1="1" ind2="0" tag="245">
		<subfield code="6">880-02</subfield>
		<subfield code="a">Fihris muqtanayāt Dār al-Āthār al-‘Arabīyah wa-lam‘ah fī tārīkh fann al-mi‘mār wa-sā’ir al-funūn al-ṣinā‘īyah bi-Miṣr /</subfield>
		<subfield code="c">ta’līf Maks Hirts Bik, bāshmuhandis Lajnat Ḥifẓ al-Āthār al-‘Arabīyah wa-nāẓir Dār Āthārihā ; ‘uniya bi-ta‘rībihi ‘Alī Bik Bahjat, wakīl Dār Āthār al-‘Arabīyah.</subfield>
	</datafield>
	<datafield ind1=" " ind2="1" tag="264">
		<subfield code="6">880-03</subfield>
		<subfield code="a">Miṣr :</subfield>
		<subfield code="b">al-Maṭba‘ah al-Amrīyah,</subfield>
		<subfield code="c">1327 H., [1909? M.]</subfield>
	</datafield>
	<datafield ind1=" " ind2=" " tag="300">
		<subfield code="6">880-04</subfield>
		<subfield code="a">online resource (b-d, 323 pages, 8 unnumbered leaves of plates) :</subfield>
		<subfield code="b">illustrations</subfield>
	</datafield>
	<datafield ind1=" " ind2=" " tag="336">
		<subfield code="a">text</subfield>
		<subfield code="2">rdacontent</subfield>
	</datafield>
	<datafield ind1=" " ind2=" " tag="337">
		<subfield code="a">computer</subfield>
		<subfield code="2">rdamedia</subfield>
	</datafield>
	<datafield ind1=" " ind2=" " tag="338">
		<subfield code="a">online resource</subfield>
		<subfield code="2">rdacarrier</subfield>
	</datafield>
	<datafield ind1=" " ind2=" " tag="500">
		<subfield code="a">Part of the Arabic Collections Online (ACO) project, contributed by American University of Beirut's Jafet Memorial Library.</subfield>
	</datafield>
	<datafield ind1=" " ind2=" " tag="533">
		<subfield code="a">Electronic reproduction.</subfield>
		<subfield code="b">New York, N.Y. :</subfield>
		<subfield code="c">New York University,</subfield>
		<subfield code="d">2017.</subfield>
		<subfield code="5">NNU</subfield>
	</datafield>
	<datafield ind1="2" ind2="0" tag="610">
		<subfield code="6">880-05</subfield>
		<subfield code="a">Matḥaf al-Fann al-Islāmī (Cairo, Egypt)</subfield>
		<subfield code="v">Catalogs.</subfield>
	</datafield>
	<datafield ind1=" " ind2="0" tag="650">
		<subfield code="6">880-06</subfield>
		<subfield code="a">Museums</subfield>
		<subfield code="z">Egypt</subfield>
		<subfield code="v">Catalogs.</subfield>
	</datafield>
	<datafield ind1=" " ind2="0" tag="650">
		<subfield code="6">880-07</subfield>
		<subfield code="a">Architecture, Islamic</subfield>
		<subfield code="z">Egypt</subfield>
		<subfield code="x">History.</subfield>
	</datafield>
	<datafield ind1=" " ind2="0" tag="650">
		<subfield code="6">880-08</subfield>
		<subfield code="a">Art, Arab</subfield>
		<subfield code="z">Egypt.</subfield>
	</datafield>
	<datafield ind1="1" ind2=" " tag="700">
		<subfield code="6">880-09</subfield>
		<subfield code="a">Bahjat, ʻAlī,</subfield>
		<subfield code="e">translator.</subfield>
	</datafield>
	<datafield ind1="2" ind2=" " tag="710">
		<subfield code="6">880-10</subfield>
		<subfield code="a">Lajnat Ḥifẓ al-Āthār al-ʻArabīyah (Egypt),</subfield>
		<subfield code="e">issuing body.</subfield>
	</datafield>
	<datafield ind1="2" ind2=" " tag="710">
		<subfield code="a">Jafet Memorial Library.</subfield>
	</datafield>
	<datafield ind1="0" ind2=" " tag="730">
		<subfield code="a">Arabic Collections Online.</subfield>
	</datafield>
	<datafield ind1="0" ind2="8" tag="776">
		<subfield code="i">Print version:</subfield>
		<subfield code="a">Herz, Max, 1856-1919, author.</subfield>
		<subfield code="t">Fihris muqtanayāt Dār al-Āthār al-‘Arabīyah wa-lam‘ah fī tārīkh fann al-mi‘mār wa-sā’ir al-funūn al-ṣinā‘īyah bi-Miṣr</subfield>
		<subfield code="w">(LeBAU)b12498282</subfield>
	</datafield>
	<datafield ind1="4" ind2="0" tag="856">
		<subfield code="u">http://hdl.handle.net/2333.1/ffbg7g6v</subfield>
	</datafield>
	<datafield ind1="1" ind2=" " tag="880">
		<subfield code="6">100-01</subfield>
		<subfield code="a">هرتس، مكس،‪‪‪‪‪‪‪</subfield>
		<subfield code="d">1856-1919،</subfield>
		<subfield code="e">مؤلف.‪‪‪‪‪‪‪</subfield>
		<subfield code="4">aut.</subfield>
	</datafield>
	<datafield ind1="1" ind2="0" tag="880">
		<subfield code="6">245-02</subfield>
		<subfield code="a">فهرس مقتنيات دار الآثار العربية ولمعة في تاريخ فن المعمار وسائر الفنون الصناعية بمصر /‪‪‪‪‪‪‪</subfield>
		<subfield code="c">تأليف مكس هرتس بك، باشمهندس لجنة حفظ الآثار العربية وناظر دار آثارها ؛ عني بتعريبه علي بك بهجت، وكيل دار الآثار العربية.‪‪‪‪‪‪‪</subfield>
	</datafield>
	<datafield ind1=" " ind2="1" tag="880">
		<subfield code="6">264-03</subfield>
		<subfield code="a">مصر :‪‪‪‪‪‪‪</subfield>
		<subfield code="b">المطبعة الأميرية،‪‪‪‪‪‪‪</subfield>
		<subfield code="c">1327 [هـ.]، [1909؟ م.]‪‪‪‪‪‪‪</subfield>
	</datafield>
	<datafield ind1=" " ind2=" " tag="880">
		<subfield code="6">300-04</subfield>
		<subfield code="a">ب-د، 323 صفحة، 8 ورقات لوحات غير مرقمة :‪‪‪‪‪‪‪</subfield>
		<subfield code="b">مصورات ؛‪‪‪‪‪‪‪</subfield>
		<subfield code="c">18 سم‪‪‪‪‪‪‪</subfield>
	</datafield>
	<datafield ind1=" " ind2=" " tag="880">
		<subfield code="6">500-00</subfield>
		<subfield code="a">في رأس العنوان: الحكومة المصرية، لجنة حفظ الآثار العربية.‪‪‪‪‪‪‪</subfield>
	</datafield>
	<datafield ind1=" " ind2=" " tag="880">
		<subfield code="6">504-00</subfield>
		<subfield code="a">يتضمن مراجع ببليوغرافية وكشافات.‪‪‪‪‪‪‪</subfield>
	</datafield>
	<datafield ind1="2" ind2="4" tag="880">
		<subfield code="6">610-05</subfield>
		<subfield code="a">متحف الفن الاسلامي (القاهرة، مصر)‪‪‪‪‪‪‪</subfield>
		<subfield code="v">فهارس‪‪‪‪‪‪‪</subfield>
	</datafield>
	<datafield ind1=" " ind2="4" tag="880">
		<subfield code="6">650-06</subfield>
		<subfield code="a">المتاحف‪‪‪‪‪‪‪</subfield>
		<subfield code="z">مصر‪‪‪‪‪‪‪</subfield>
		<subfield code="v">فهارس.‪‪‪‪‪‪‪</subfield>
	</datafield>
	<datafield ind1=" " ind2="4" tag="880">
		<subfield code="6">650-07</subfield>
		<subfield code="a">الهندسة المعمارية الاسلامية‪‪‪‪‪‪‪</subfield>
		<subfield code="z">مصر‪‪‪‪‪‪‪</subfield>
		<subfield code="x">تاريخ.‪‪‪‪‪‪‪</subfield>
	</datafield>
	<datafield ind1=" " ind2="4" tag="880">
		<subfield code="6">650-08</subfield>
		<subfield code="a">الفن العربي‪‪‪‪‪‪‪</subfield>
		<subfield code="z">مصر.‪‪‪‪‪‪‪</subfield>
	</datafield>
	<datafield ind1="1" ind2=" " tag="880">
		<subfield code="6">700-09</subfield>
		<subfield code="a">بهجت، علي،‪‪‪‪‪‪‪</subfield>
		<subfield code="e">مترجم.‪‪‪‪‪‪‪</subfield>
		<subfield code="4">trl.</subfield>
	</datafield>
	<datafield ind1="2" ind2=" " tag="880">
		<subfield code="6">710-10</subfield>
		<subfield code="a">لجنة حفظ الآثار العربية (مصر)،‪‪‪‪‪‪‪</subfield>
		<subfield code="e">هيئة إصدار.‪‪‪‪‪‪‪</subfield>
	</datafield>
	<datafield ind1=" " ind2=" " tag="959">
		<subfield code="a">NNU</subfield>
		<subfield code="b">WEB</subfield>
		<subfield code="c">GENI</subfield>
		<subfield code="t">0</subfield>
		<subfield code="m">Electronic access</subfield>
		<subfield code="s">01</subfield>
	</datafield>
	<datafield ind1=" " ind2=" " tag="999">
		<subfield code="i">LeBAU_b12498282</subfield>
		<subfield code="s">aub_aco001176</subfield>
		<subfield code="e">(ERROR-MISC)</subfield>
		<subfield code="s">aub_aco001176</subfield>
	</datafield>
</record>
